<?xml version="1.0" encoding="UTF-8"?><collection xmlns="http://www.loc.gov/MARC21/slim"><record><leader>00426nam--2200145-i-4500</leader><controlfield tag="001">000017297</controlfield><controlfield tag="002">20161230</controlfield><controlfield tag="005">20161230201032</controlfield><controlfield tag="008">060222s1000------------r-----000-0-eng-d</controlfield><datafield ind1=" " ind2=" " tag="080"><subfield code="a">621.039.9</subfield></datafield><datafield ind1=" " ind2=" " tag="100"><subfield code="a">Boisson, J.Y</subfield></datafield><datafield ind1=" " ind2=" " tag="245"><subfield code="a">Colmatage de fissures et de forajes an formati ons geologiques fracturees (granite)</subfield></datafield><datafield ind1=" " ind2=" " tag="260"><subfield code="a">Bruxelles, Commission Des Communautes Europeen Nes, 1992. 275 P</subfield></datafield><datafield ind1=" " ind2=" " tag="490"><subfield code="a">Eur</subfield></datafield><datafield ind1=" " ind2=" " tag="852"><subfield code="a">80202</subfield></datafield></record></collection>